@misc{TP,
   title={TP Toolbox},
   howpublished={\url{http://www.tp-ontrol.hu/index.php/TP\_Toolbox}}
}

@misc{bitcoin,
    title={Bitcoin reference},
    howpublished={\url{https://developer.bitcoin.org/devguide/index.html}}
}